2382 3858
355 215 605 278 AGRICOLAE
624 213 741 280 VITA.¹
956 218 1014 280 147

69 379 314 460 expeditionibus,
351 383 398 438 tot
421 378 547 458 proeliis,
582 399 635 440 seu
668 378 842 439 fortitudine
876 380 1014 441 adversus

68 461 179 535 hostes,
208 483 260 522 seu
283 459 428 541 patientia
453 480 488 519 ac
513 460 612 521 labore
639 481 732 540 paene
762 461 900 520 adversus
920 461 1013 540 ipsam

68 561 168 601 rernm
195 549 332 602 naturam
360 561 434 620 opus
460 539 528 614 fuit,
555 561 651 620 neque
678 562 725 602 me
758 541 894 614 militum,
918 561 1014 621 neque

68 640 121 682 ros
136 623 219 683 ducis
233 622 390 702 poenituit.
411 623 490 700 Ergo
504 623 623 700 egressi,
632 643 687 700 ego
695 628 828 683 veterum
841 624 1014 700 legatorum,

68 709 121 763 vos
135 705 265 783 priorum
286 704 468 764 exercituum
486 703 637 776 terminos,
650 705 739 764 finem
757 703 938 777 Britanniae,
953 712 1019 763 non*

69 783 148 844 fama
175 805 230 845 nec
256 805 373 846 rumore
400 783 453 844 sed
476 784 580 843 castris
608 790 638 843 et
662 785 750 844 armis
775 790 920 844 tenemus.
962 785 1014 844 In·

68 871 159 926 venta
172 867 336 938 Britannia,
350 871 382 925 et
396 864 526 924 subacta.
566 865 711 943 Equidem
731 885 817 944 saepe
836 866 868 924 in
888 866 1013 944 agmine,

69 966 137 1006 cum
151 967 203 1006 vos
224 947 353 1027 paludes,
368 950 519 1005 montesve
538 951 569 1004 et
589 946 711 1005 flumina
730 947 897 1024 fatigarent,
915 947 1016 1006 fortis·

69 1026 137 1086 simi
158 1029 299 1108 cujusque
322 1045 407 1086 voces
426 1025 596 1087 audiebam:
619 1027 745 1102 Quando
769 1027 887 1086 dabitur
910 1028 1014 1102 hostis,

68 1109 186 1187 quando
207 1110 307 1170 acies?
347 1107 513 1167 Veniunte
531 1106 651 1167 latebris
665 1108 726 1167 suis
747 1108 877 1166 extrusi:
896 1113 927 1166 et
946 1114 1015 1169 vota

67 1189 222 1269 virtusque
250 1190 280 1249 in
308 1194 419 1268 aperto,
441 1188 595 1266 omniaque
614 1208 707 1268 prona
733 1189 901 1260 victoribus,
925 1193 1015 1267 atque

68 1270 171 1330 eadem
180 1270 266 1330 victis
280 1269 408 1329 adversa.
449 1269 481 1328 N
482 1289 528 1328 am
542 1273 578 1328 ut
592 1289 745 1349 superenne
758 1275 874 1328 tantum
889 1269 1015 1344 itineris,

70 1351 158 1412 silvas
172 1351 306 1424 evasisse,
320 1349 462 1409 transisse
479 1350 633 1421 aestuaria,
652 1349 806 1429 pulchrum
826 1371 860 1409 ac
877 1350 1015 1410 decorum

67 1432 102 1491 in
122 1421 268 1506 fronte'm3
288 1433 331 1491 ita
352 1430 535 1509 fugientibus
560 1431 812 1511 periculosissima,
835 1451 909 1510 quae
928 1430 1014 1491 bodie

68 1515 264 1593 prosperrima
273 1517 353 1573 sunt.
394 1511 500 1591 Neque
514 1511 591 1571 enim
604 1512 690 1572 nobis
703 1517 756 1571 aut
769 1512 900 1572 locorum
913 1511 1015 1572 eadem

68 1594 178 1655 notitia
200 1601 251 1654 out
270 1600 485 1655 commeatuum
500 1593 600 1652 eadem
618 1593 816 1653 abundantia:
838 1593 890 1653 scd
909 1613 1013 1652 manus

69 1679 102 1733 et
116 1694 196 1734 arma
209 1681 240 1735 et
253 1675 285 1734 in
299 1674 345 1736 his
358 1675 464 1735 omnia.
486 1673 573 1750 Quod
587 1675 624 1734 ad
638 1695 684 1735 me
698 1675 817 1748 attinet,
825 1673 886 1755 jam
901 1674 1014 1754 pridem

69 1753 142 1813 mihi
166 1755 316 1816 decretum
340 1760 395 1828 est,
419 1775 514 1835 neque
541 1756 686 1816 exercitus
707 1777 804 1836 neque
826 1755 908 1816 ducis
929 1761 1014 1834 terga

68 1840 138 1895 tuta
151 1857 225 1897 esse.
266 1836 394 1896 Proinde
408 1843 439 1895 et
453 1837 576 1896 honesta
597 1857 674 1897 mors
687 1838 770 1916 turpi
786 1837 847 1897 vita
862 1835 968 1916 potior,
983 1842 1015 1896 et

68 1915 256 1977 incolumitas
270 1938 304 1978 ne
318 1918 407 1977 decus
421 1917 522 1976 eodem
535 1917 599 1977 loco
613 1918 670 1976 sita
684 1926 774 1977 sunt:
791 1938 846 1977 nec
855 1917 1014 1994 inglorium

68 1997 169 2072 fuerit,
182 1999 214 2057 in
228 1999 292 2077 ipso
307 2005 450 2058 terrarum
466 2017 500 2056 ec
514 2003 637 2057 naturae
651 1998 710 2057 fine
723 1998 891 2058 cecidisse.”

110 2080 262 2140 XXXIV.
294 2080 354 2139 “Si
376 2097 467 2137 novae
490 2082 593 2154 gentes
615 2084 704 2157 atque
725 2078 828 2156 ignota
849 2078 925 2137 acies
946 2096 1014 2136 con·

70 2158 218 2232 stitissct3
252 2161 375 2220 aliorum
403 2158 584 2219 exercituum
615 2158 755 2239 exemplis
781 2179 833 2218 vos
864 2159 1013 2217 hortarer:

69 2259 150 2299 nunc
170 2247 268 2301 vestra
282 2242 386 2302 decora
405 2243 564 2312 recensete,
578 2245 691 2299 vestros
706 2237 805 2299 oeulos
823 2239 1012 2315 interrogate.

69 2320 99 2381 Ii
113 2327 193 2396 sunt,
212 2343 284 2402 quos
302 2321 434 2403 proximo
448 2341 535 2395 anno,
548 2341 638 2380 unam
651 2320 796 2400 legionem
816 2319 897 2379 furto
916 2319 1013 2380 noctis

42 2467 47 2475 ⁶
71 2494 105 2539 As
120 2491 159 2536 tbe
174 2491 284 2552 Emperor
292 2507 337 2539 was
351 2492 528 2538 Generalissimo
556 2492 640 2596 restinp
658 2508 688 2538 on
703 2507 766 2539 some
785 2493 924 2539 foundation.
962 2491 987 2540 Jf
1000 2509 1015 2540 a

71 2552 98 2597 of
118 2550 158 2596 tbe
181 2551 270 2606 Forces,
294 2551 325 2596 all
345 2553 450 2596 victories
469 2566 529 2596 were
557 2567 609 2596 man
634 2567 699 2597 earne
708 2568 753 2610 any
764 2551 829 2612 thing
844 2555 874 2612 by
890 2553 978 2608 ‘fame'
994 2553 1014 2599 it

69 2610 170 2657 ascribed
177 2610 403 2669 tobisauspices,and
410 2609 527 2656 theactual
556 2611 610 2656 does
628 2618 669 2657 not
688 2611 714 2656 of
730 2613 841 2671 necessity
861 2611 931 2671 imply
950 2627 1014 2658 more

70 2669 216 2715 commender
233 2685 258 2714 re
285 2668 340 2714 rded
362 2683 386 2714 as
410 2668 446 2713 bis
470 2667 528 2714 lieu·
557 2668 610 2714 than
621 2669 671 2715 tbat
679 2669 708 2714 be
716 2683 760 2715 wes
768 2678 808 2716 not
817 2686 847 2716 an
857 2671 1012 2729 eye-witness3

70 2734 148 2773 tenant
167 2727 230 2786 only.
274 2743 289 2772 n
310 2728 339 2773 A.
360 2728 385 2772 ii.
407 2725 441 2783 lb,
460 2727 527 2773 when
556 2728 745 2786 ifby‘rumour,'
756 2729 806 2774 that
816 2728 879 2774 there
889 2731 1011 2787 isavague

71 2787 219 2832 Germanicus
229 2786 354 2844 conquered
362 2785 401 2830 tbe
408 2783 526 2842 Gemens,
555 2793 630 2845 repert
639 2788 664 2831 in
673 2787 787 2833 existence
797 2790 867 2832 about
876 2788 903 2832 it.

70 2845 194 2890 itwesnot
204 2845 239 2898 be,
251 2846 292 2889 but
303 2845 413 2897 Tiberius,
423 2842 528 2889 wbowas
585 2847 695 2904 virtusque
719 2847 743 2890 s'n
771 2847 861 2905 operto]
912 2843 955 2890 See
975 2843 1013 2889 the

70 2902 157 2948 seluted
182 2903 217 2949 Im
247 2910 313 2958 rator,
344 2903 368 2947 in
395 2902 527 2949 accordance
556 2909 609 2948 note
619 2918 649 2948 cn
659 2903 704 2948 this
713 2903 791 2962 phrase
802 2907 826 2950 in
835 2919 853 2949 c.
867 2903 886 2949 l.

70 2959 125 3006 with
147 2961 186 3006 tbe
210 2962 249 3007 od
273 2961 402 3007 distinction
428 2961 527 3006 between
585 2963 687 3006 decorum
712 2963 737 3007 s'n
754 2962 864 3021 frenum]
909 2960 1013 3006 ‘Frons'

71 3018 165 3088 fi.h²i.¹¹ss
175 3022 186 3096 '⁶
195 3020 264 3066 ductu
280 3019 336 3065 suo'
352 3019 396 3064 and
411 3021 529 3079 ‘auspiciis
558 3021 577 3065 is
601 3021 656 3066 used
681 3020 736 3103 bere
764 3021 800 3065 for
828 3035 857 3089 an
889 3020 1013 3097 pdvencing

94 3093 231 3195 rpqyusfama
254 3151 292 3182 neo
315 3134 417 3195 rumore]
456 3136 529 3182 These
557 3094 678 3196 idtmrds’tidg
696 3086 1013 3197 llsrr¹de‚⁶idddltbdlo?nembd

72 3195 144 3241 words
164 3195 230 3240 differ
249 3195 274 3240 in
294 3195 340 3241 tbis
365 3201 458 3253 respect,
480 3194 529 3240 that
558 3198 775 3252 crassimembre,
795 3197 814 3241 is
828 3211 842 3240 a
857 3195 956 3254 glorious
973 3210 1014 3241 ex·

72 3253 175 3298 ‘rumor'
196 3253 216 3298 is
236 3268 249 3297 a
268 3269 283 3297 v
326 3254 428 3314 eflying
446 3260 527 3313 repert,
556 3254 620 3315 ploit,
640 3270 664 3300 so
683 3254 723 3300 lon
753 3269 777 3300 as
797 3254 835 3300 tbc
855 3269 918 3314 army
944 3255 1012 3314 keeps

71 3313 140 3359 reatin
172 3326 200 3356 on
217 3327 246 3356 no
261 3319 300 3357 eut
316 3315 376 3358 eutic
391 3313 456 3359 basis.
488 3313 527 3358 ei·
556 3314 685 3372 advancing.
723 3270 752 3357 if
765 3313 783 3357 it
804 3311 844 3358 fall
861 3314 925 3370 back,
949 3313 1012 3360 these

16 3419 17 3426 ,
72 3327 526 3431 ceroibdFanril.xii.10)seys,“Dc
555 3373 623 3418 rivers
631 3373 674 3417 add
685 3379 708 3416 to
718 3371 757 3416 the
767 3371 879 3431 difficulty
888 3373 914 3417 of
919 3373 1012 3432 making

16 3439 18 3464 'r
72 3428 191 3476 Dolabella
218 3429 316 3488 quotidie
340 3445 397 3488 quae
421 3430 527 3476 volumus
554 3432 611 3490 good
622 3433 650 3475 its
660 3438 748 3476 retreat.

17 3515 18 3546 y
71 3489 180 3546 audimus,
208 3488 246 3534 sed
272 3488 345 3534 adhuc
373 3488 421 3534 sine
446 3490 525 3548 capite,
584 3489 702 3534 XXXIV.
708 3486 776 3548 furto
785 3489 862 3549 nomn]
889 3489 961 3550 virgil
971 3489 1013 3537 bet
1107 3495 1110 3500 '

71 3546 270 3595 rumorenuntio.''
296 3547 394 3594 ‘Fama'
404 3548 526 3609 isareport
555 3548 646 3595 ‘fraude
662 3546 750 3594 noctis'
764 3549 790 3596 in
805 3549 845 3596 tbs
857 3565 918 3596 same
932 3565 1009 3610 sense3

506 3610 564 3669 n2
