2382 3858
383 183 635 248 aaarcomn
653 184 765 247 vrrs.
829 267 831 272 Ι
986 188 1045 248 151

104 353 157 413 aut
184 347 302 426 integri,
329 345 518 408 festinatione
544 344 683 408 victoriae
703 345 953 426 relinquebantur.
994 346 1046 406 In·

104 430 191 490 terim
202 431 334 508 equitum
344 434 459 488 turmae
467 429 583 507 (fugere
592 428 744 505 connerii)
755 427 887 506 peditum
897 448 927 486 sc
936 427 1046 504 proelio

105 511 263 570 miscuere:
287 515 318 569 et
345 530 510 588 quanquam
537 515 684 568 recentem
706 515 847 570 terrorem
874 509 1046 582 intulerant,

101 591 204 651 densis
232 597 331 651 tamen
357 590 487 650 hostium
508 590 672 669 agminibus
696 597 727 649 et
748 589 948 669 inaequalibus
975 588 1047 649 locis

105 671 280 745 haerebant;
300 671 477 750 minimeque
499 671 643 750 equestris
666 692 701 730 ea
721 692 837 750 pugnae
857 671 946 730 facies
974 674 1046 743 erat,

106 773 173 813 cum
194 773 280 831 aegre
301 753 352 813 diu
379 758 502 826 stantes,
527 752 612 811 simu]
640 772 780 830 equorum
803 752 972 830 corporibus
994 751 1047 810 im·

105 834 303 914 pellerentur;
324 855 358 893 ac
378 853 464 912 saepe
477 833 543 910 vagi
564 853 676 906 currus,
695 832 828 892 exterriti
844 833 907 892 sine
927 831 1047 892 rectori·
1081 827 1083 834 ’

105 914 162 976 bus
183 914 259 992 equi,
282 919 317 972 ut
339 934 482 994 quemque
505 914 629 974 formido
650 914 769 988 tulerat,
792 919 974 974 transversos
995 917 1048 974 aut

106 994 206 1056 obvios
219 994 419 1054 incursabant.

145 1077 316 1136 XXXVII.
346 1075 387 1134 Et
408 1074 555 1148 Britanni,
582 1075 633 1154 qui
660 1074 755 1135 adhuc
775 1094 892 1154 pugnae
913 1079 1048 1153 expertes

107 1177 220 1216 summa
246 1156 364 1216 collium
389 1155 566 1230 insederant,
600 1162 631 1215 et
665 1155 844 1235 paucitatem
878 1163 1048 1215 nostrorum

106 1238 191 1298 vacui
217 1238 403 1316 spernebant,
427 1237 544 1314 degredi
572 1237 712 1317 paulatim
735 1243 766 1296 et
787 1236 939 1296 circumire
963 1243 1048 1314 terga
1146 1283 1149 1291 .

106 1318 286 1380 vincentium
302 1323 477 1398 coeperant:
498 1318 530 1377 ni
543 1317 573 1376 id
583 1319 679 1397 ipsum
688 1319 799 1377 veritus
814 1317 950 1396 Agricola
964 1321 1048 1395 quat·

106 1406 176 1460 tuor
200 1401 333 1478 equitum
357 1399 425 1474 alas,
439 1398 477 1458 ad
500 1399 598 1458 subita
617 1399 687 1459 belli
708 1404 848 1471 retentas,
862 1397 1049 1457 venientibus

102 1502 144 1560 op
166 1481 301 1553 osuisaet,
316 1486 484 1559 quantoque
496 1480 622 1541 ferocius
642 1487 838 1553 accurrerant,
852 1485 937 1538 tanto
952 1478 1047 1537 acrius

106 1583 126 1642 p
160 1561 253 1621 souin
270 1562 369 1639 fugam
390 1561 559 1642 disjecisset.
600 1561 651 1621 Ita
670 1561 821 1620 consilium
837 1560 1050 1619 Britannorum

105 1643 139 1702 in
151 1642 231 1722 ipsos
244 1663 376 1701 versum:
401 1647 641 1721 transvectaeque
654 1648 810 1722 praecepto
826 1641 939 1705 ducisa
951 1640 1051 1700 fronte

106 1723 303 1804 pugnantium
317 1723 388 1796 alae,
402 1743 530 1783 aversam
545 1723 675 1783 hostium
688 1724 779 1783 aciem
792 1723 933 1782 invasere.
974 1721 1050 1780 Tum

105 1825 175 1866 vero
188 1804 360 1885 patentibus
373 1805 444 1864 locis
458 1804 566 1882 grande
580 1811 611 1864 et
625 1811 707 1863 atrox
723 1802 936 1883 spectaculum:
957 1800 1049 1881 sequi,

106 1886 268 1958 vulnerare,
292 1906 403 1964 capere,
428 1891 518 1964 atque·
535 1885 659 1956 eosdem,
678 1884 783 1944 oblatis
802 1884 874 1956 aliis,
894 1883 1050 1943 trucidare.

108 1968 130 2028 J
131 1988 177 2027 arn
190 1966 328 2038 hostium,
343 1971 432 2045 prout
445 1966 549 2044 cuique
562 1965 712 2042 ingenium
728 1971 799 2039 erat,
814 1971 946 2024 catervae
958 1983 1051 2023 arms·

105 2057 207 2110 torum
237 2047 425 2127 paucioribus
458 2051 542 2124 terga
574 2051 731 2124 praestare,
769 2045 886 2124 quidam
924 2043 1051 2103 inermes

105 2129 188 2190 ultro
210 2149 296 2188 ruere
319 2148 352 2189 ac
375 2147 406 2188 se
430 2127 519 2186 morti
543 2127 655 2186 offerre.
697 2125 810 2186 Passim
834 2143 914 2184 arma
937 2128 968 2183 et
989 2143 1051 2183 cor·

109 2335 142 2382 H.
153 2335 183 2380 lv.
195 2334 231 2391 53,
243 2333 340 2380 “Simul
350 2335 417 2380 ceteri
425 2333 567 2392 magistratus
595 2345 649 2376 xxv.
667 2329 702 2387 15,
713 2330 765 2376 “Ut
780 2329 808 2375 ad
822 2328 896 2375 subita
910 2325 965 2373 helli
984 2325 1052 2372 Tibe-

110 2401 133 2440 ct
144 2395 268 2440 sacerdotes
283 2394 358 2438 studio
367 2393 499 2452 laetitiaque
514 2407 567 2437 con·
595 2391 656 2435 rium
667 2389 793 2436 Gracchum
807 2389 964 2434 Beneventum
975 2388 1052 2430 venire

110 2451 454 2510 nisisaxumingenstraxerc.”
595 2448 699 2508 jubent.''
740 2447 804 2504 Also,
832 2447 862 2492 H.
890 2447 921 2492 iv.
942 2443 978 2502 27,
1000 2444 1051 2489 “ad

139 2515 244 2556 recentem
263 2510 377 2569 terrorem]
416 2509 531 2554 ‘Recens'
548 2509 568 2554 is
597 2508 671 2552 subita
679 2505 734 2552 belli
746 2504 892 2551 ministeria.”

109 2569 164 2615 herc
181 2570 236 2614 used
254 2569 305 2613 ola
320 2570 392 2626 panio,
408 2568 447 2614 the
464 2569 529 2622 effect
545 2567 571 2612 of
628 2564 870 2624 Tamceropatentibas
880 2562 931 2628 dc]
962 2562 1053 2622 Lipsius

109 2627 184 2674 which
194 2627 235 2672 has
248 2637 288 2671 not
298 2636 335 2685 yet
345 2628 421 2686 passed
431 2642 498 2686 away.
530 2625 567 2671 (ll.
597 2640 709 2683 compares
733 2624 787 2669 with
813 2623 858 2668 this
880 2639 893 2668 a
931 2636 1005 2678 assage
1029 2620 1056 2666 of

112 2688 141 2732 Δ.
152 2688 199 2732 xiv.
210 2685 247 2741 23,
256 2689 270 2709 “
279 2685 379 2731 Corbulo
393 2686 476 2732 recenti
487 2694 569 2731 terrore
599 2683 691 2738 Sallust,
712 2683 765 2743 Jug.
787 2681 836 2728 101.
876 2639 936 2726 Both
959 2681 998 2725 the
1016 2693 1052 2747 aq·

112 2745 223 2791 utendum
235 2744 320 2789 ratua.''
599 2749 679 2788 counts
696 2757 733 2788 arc
749 2741 821 2787 worth
838 2742 929 2797 reading
943 2755 967 2785 as
983 2751 1053 2795 speci·

139 2801 482 2864 inaequalitaslocisltaerebont]
497 2801 570 2846 ‘Hae
600 2816 663 2846 mens
683 2801 708 2845 of
731 2799 796 2859 style,
820 2799 885 2846 when
906 2798 944 2843 the
966 2797 1053 2842 writers

111 2862 172 2908 rsrs'
193 2865 212 2908 is
234 2878 247 2907 a
269 2876 374 2908 common
396 2861 457 2906 word
474 2861 498 2906 ln
523 2860 569 2905 this
598 2859 712 2918 evidently
731 2866 764 2904 set
786 2857 921 2904 themselves
940 2863 963 2900 to
985 2854 1053 2899 make

112 2935 182 2966 sense.
228 2922 263 2967 of.
290 2921 339 2966 Liv.
366 2920 422 2966 xxii.
448 2919 470 2975 5,
495 2919 569 2964 “Alii
599 2915 1054 2975 theirstrongestefforte‘·Tumspecta-

112 2979 223 3038 fugientes
242 2979 392 3038 pugnantium
417 2978 483 3036 globo
510 2977 570 3023 illati
599 2976 676 3022 culum
691 2975 798 3025 horribile
812 2974 895 3032 campis
909 2972 1052 3031 patentibus:

112 3037 257 3082 haerebant.”
288 3037 352 3092 Alsa,
364 3038 394 3083 Α.
406 3036 421 3082 i.
433 3036 468 3082 68.
599 3037 669 3092 sequi,
677 3036 759 3094 lugere,
771 3034 848 3087 occidi,
859 3032 916 3090 capi;
932 3032 992 3088 equi,
1002 3029 1054 3085 viri,

143 3095 273 3142 XXXVII.
297 3097 373 3154 vacui]
406 3096 455 3152 ‘At
474 3093 570 3148 leisure,'
599 3093 698 3148 adflicti;
714 3089 1054 3147 acmultivulneribusacceptis

113 3169 137 3200 ss
147 3161 186 3213 yet
199 3154 283 3214 having
297 3156 364 3200 taken
381 3169 411 3199 no
426 3160 475 3213 part
492 3155 515 3198 in
531 3151 570 3197 tho
599 3167 672 3221 neque
690 3152 767 3210 fugare
786 3164 848 3208 posse
867 3163 939 3206 neque
954 3148 1053 3210 quietem

114 3227 142 3258 cn
221 3220 267 3258 ent.
298 3214 333 3260 cf.
351 3213 383 3258 H.
401 3213 431 3259 iv.
449 3210 570 3267 17,“Pro-
599 3219 659 3271 patu
673 3206 1054 3264 nitimodo,scstatimconeidcra:

114 3273 168 3318 ine
196 3272 322 3329 adriperent
350 3272 415 3317 vacui
446 3277 571 3330 occupatos,
601 3276 711 3330 postremo
725 3269 853 3324 omniaque
868 3266 986 3309 visuserat
1001 3277 1054 3307 con·

115 3333 162 3377 ints
189 3331 296 3375 ifcssos.''
601 3335 670 3372 strata
689 3325 747 3378 telis,
764 3326 840 3378 armis,
855 3323 1006 3376 cadaveribus,
1031 3326 1055 3367 et

186 3388 256 3434 subita
266 3388 325 3448 belli]
350 3388 406 3434 This
416 3388 435 3432 is
445 3403 458 3432 a
467 3401 572 3432 common
601 3386 661 3438 inter
669 3400 695 3430 ea
705 3383 788 3428 humus
798 3384 881 3428 infecta
890 3379 1019 3440 sangnine.”

48 3447 53 3458 '
115 3447 195 3508 phrase
205 3454 228 3493 to
245 3461 334 3504 express
348 3447 387 3492 the
402 3447 487 3492 sudden
501 3459 573 3491 emer·
630 3442 688 3488 altro
705 3442 778 3500 rasere]
812 3442 898 3486 Armed
912 3455 964 3485 men
975 3437 1055 3484 turned

107 3509 204 3568 gsncics
213 3505 286 3554 which
296 3507 352 3552 naiso
361 3507 386 3551 in
396 3519 447 3553 war.
473 3504 509 3552 Ol.
522 3503 571 3550 Liv.
601 3501 662 3548 their
671 3495 1057 3559 bsckstoafew;others,although
