2382 3858
153 187 211 246 152
277 235 283 252 .
429 185 681 248 semeonis
700 185 812 248 VITA.

151 367 223 427 pora
250 352 281 408 et
304 346 392 408 laceri
418 353 501 408 artus
528 352 560 408 et
582 352 705 408 cruenta
731 347 857 408 humus:
882 351 913 408 et
939 348 1099 428 aliquando

152 428 242 488 etiam
266 429 351 490 victis
377 427 421 488 ira
450 429 615 508 virtusque:
649 434 804 509 postquam
833 429 913 490 silvis
939 431 1099 510 adpropin-

152 515 326 588 quaverunt,
345 509 468 584 collecti,
483 511 592 590 primos
606 510 801 589 sequentium,
819 510 954 571 incautos
968 519 1000 570 et
1019 512 1099 572 loco·

153 611 219 650 rum
239 591 365 668 ignaros,
390 591 664 652 circumveniebant.
707 590 795 666 Quod
822 592 855 650 ni
872 591 1010 670 frequens
1031 593 1098 652 ubi·

153 691 210 750 que
238 671 383 749 Agricola,
410 672 519 732 validas
547 679 578 732 et
599 671 748 750 expeditas
776 673 918 746 cohortes,
947 673 1097 751 indaginis

153 751 248 824 modo,
263 760 294 811 et
318 751 412 812 sicubi
433 753 542 814 artiora
563 761 656 826 erant,
673 759 787 832 partem
811 755 951 832 equitnm,
967 754 1097 815 dimissis

154 832 245 910 equis,
261 833 347 893 simul
369 833 493 894 rariores
512 834 598 893 silvas
617 833 744 913 equitem
765 835 928 912 persultare
945 835 1095 915 jussisset,

152 919 305 990 acceptum
332 914 447 994 aliquod
478 916 586 975 vulnus
612 935 665 994 per
697 915 817 974 nimiam
844 915 978 976 fiduciam
1006 916 1094 976 foret.

154 993 303 1064 Ceterum,
324 995 377 1055 ubi
400 997 577 1076 compositos
598 995 689 1054 firmis
711 995 862 1056 ordinibus
884 997 966 1076 sequi
988 1017 1095 1058 rursus
1146 1039 1154 1060 ι

151 1073 258 1148 videre,
286 1075 318 1134 in
338 1075 436 1155 fugam
464 1077 548 1152 versi,
575 1097 636 1137 non
659 1077 832 1153 agminibus,
860 1083 895 1136 ut
924 1078 1013 1156 prins,
1037 1098 1095 1138 neo
1177 1115 1181 1122 ·

151 1155 226 1215 alins
247 1157 335 1216 alium
352 1163 560 1238 respectantes,
580 1157 646 1229 rari,
660 1164 692 1216 et
706 1157 859 1218 vitabundi
878 1159 1011 1233 invicem,
1029 1159 1095 1219 lon·

151 1236 261 1316 ginqna
285 1244 373 1318 atque
396 1239 459 1298 avia
480 1239 608 1319 petiere:
637 1238 704 1297 finis
726 1239 866 1318 sequendi
885 1260 945 1299 nox
967 1245 998 1298 et
1023 1241 1094 1300 sati·

150 1324 214 1376 etas
242 1318 315 1379 fuit:
351 1340 433 1380 caesa
459 1320 589 1380 hostiurn
609 1319 645 1379 ad
669 1319 768 1379 decem
796 1319 891 1379 milia:
922 1326 1094 1381 nostrorum

150 1399 277 1458 trecenti
310 1401 462 1478 sexaginta
491 1401 638 1460 cecidere:
673 1400 705 1459 in
740 1400 805 1480 quis
835 1401 933 1461 Aulus
960 1403 1092 1476 Atticus,

150 1479 315 1558 praefectus
339 1481 475 1555 cohortis,
486 1481 610 1562 juvenili
627 1481 738 1556 ardore,
761 1487 792 1541 et
806 1480 914 1542 ferocia
937 1483 1005 1562 equi
1025 1483 1092 1544 hos·

148 1560 229 1620 tibus
242 1561 361 1622 inlatus.
1074 1601 1081 1612 -

189 1641 377 1700 XXXVIII.
408 1643 450 1701 Et
471 1663 531 1702 nox
558 1640 674 1720 quidem
701 1642 807 1721 gaudio
829 1643 993 1722 praedaque
1013 1644 1092 1722 laeta

147 1719 324 1782 victoribus:
358 1721 495 1781 Britanni
520 1723 661 1801 palantes,
690 1723 838 1803 mixtoque
864 1725 993 1786 virorum
1027 1747 1091 1786 mu·
1117 1739 1119 1744 ’

147 1801 309 1882 lierumqne
332 1801 458 1882 ploratu,
479 1803 596 1862 trahere
618 1804 796 1878 vulneratos,
818 1825 921 1865 vocare
947 1807 1089 1884 integros,

148 1883 281 1942 deserere
305 1883 406 1944 domos
432 1905 465 1944 ac
492 1905 545 1963 per
571 1884 643 1943 iram
671 1885 751 1944 ultro
774 1885 947 1948 incendere:
981 1887 1090 1966 eligere

146 1963 273 2024 latebras
296 1971 327 2024 et
350 1965 450 2024 statim
472 1965 653 2043 relinquere:
682 1965 804 2026 miscere
821 1967 945 2026 invicem
968 1968 1089 2030 consilia
1179 2029 1181 2034 s

147 2045 251 2125 aliqua,
274 2046 342 2106 dein
369 2067 518 2125 separare:
547 2047 701 2125 aliquando
723 2047 820 2126 frangi
841 2054 962 2125 aspectu
986 2049 1088 2127 pigno-

145 2147 211 2186 rum
226 2148 354 2202 suorum,
364 2128 479 2207 saepius
490 2128 645 2202 concitari3
660 2129 790 2208 satisque
800 2128 954 2188 constabat
962 2131 1089 2191 saevisse

145 2208 285 2286 quosdam
308 2209 340 2268 in
365 2209 504 2289 conjuges
525 2229 558 2268 ac
579 2209 695 2284 liberos,
715 2214 855 2288 tanquam
870 2209 1087 2271 misererentur.

146 2287 300 2348 Proximus
329 2289 390 2349 dies
417 2290 519 2350 faciem
545 2290 683 2350 victoriae
709 2290 798 2350 latius
819 2291 950 2370 aperuit:
971 2299 1087 2354 vastum

144 2369 253 2448 ubique
277 2369 436 2446 silentium,
459 2372 564 2432 secreti
586 2371 683 2446 colles,
704 2370 849 2432 fumantia
873 2373 975 2452 procul
998 2379 1086 2449 tecta,

145 2563 262 2618 unarmed,
272 2578 331 2610 were
348 2579 372 2610 so
385 2565 419 2611 far
432 2567 492 2612 from
508 2567 601 2626 copying
630 2568 718 2623 united,
728 2568 772 2613 and
787 2568 858 2626 began
873 2569 1086 2628 teformplansfor
1180 2580 1181 2587 ¹

145 2621 204 2666 their
223 2623 352 2677 cowardice,
369 2623 417 2669 that
433 2625 486 2682 they
502 2633 562 2670 went
577 2633 600 2670 to
630 2627 705 2685 acting
721 2627 745 2671 in
765 2629 858 2682 unison;
874 2627 928 2672 then
944 2627 998 2686 they
1015 2629 1086 2674 broke

144 2680 184 2726 the
194 2686 273 2724 extent
283 2681 308 2724 of
315 2681 407 2741 rushing
417 2698 445 2728 on
456 2683 494 2729 the
505 2699 594 2742 enemy.
629 2699 659 2742 up
675 2685 738 2730 these
753 2685 825 2744 plane,
842 2688 885 2732 and
899 2687 962 2732 acted
980 2687 1034 2732 each
1050 2688 1085 2733 for

158 2739 284 2808 *indaginis
299 2739 376 2800 modo]
417 2741 528 2801 ‘indago'
548 2743 600 2812 isa
628 2742 727 2789 himself.
800 2803 805 2814 ι
883 2805 887 2815 Ι
934 2804 939 2814 ’

144 2798 601 2917 insti,”sistite,tantist
629 2802 1085 2910 .tt“ttt.dztt..d3tz“tl..ltt

143 2915 271 3019 ιςὲιιᾱιιιιΠχ
286 2917 424 3020 ctontracting
443 2918 486 2962 and
511 2918 600 2976 driving
628 2918 678 3021 phe
690 2919 755 3022 ottlllrer
771 2921 884 3024 medanings
896 2935 977 3024 pppear
992 2922 1084 3024 derp'lved

143 2989 183 3077 ahi
192 2989 256 3092 {ildito
266 2989 293 3078 bi
303 2989 440 3079 qamnoqirpppv
446 2990 599 3081 bcptquppsagtp
628 2992 690 3081 dubii
701 2993 825 3082 orllbsbnof
831 2988 1085 3095 ttqerqriigqnqqqlestiqqg

144 3090 195 3137 Liv.
216 3093 255 3138 vri.
282 3091 317 3146 37,
345 3092 485 3138 “Profectus
511 3095 599 3152 agmine
629 3095 739 3140 ‘Vestam
754 3097 969 3152 murmur,'‘vastus
984 3096 1082 3144 clamor*

143 3150 261 3206 instructo,
283 3166 354 3208 quum
374 3153 508 3212 praemissus
532 3167 600 3210 eques
628 3153 717 3210 denote,
743 3154 755 3198 1
780 3155 880 3212 suppose,
900 3169 1015 3200 murmure
1039 3157 1083 3202 and

143 3207 207 3253 velut
223 3209 327 3266 indagine
346 3211 462 3270 dissipatos
487 3210 600 3256 Samnites
629 3211 714 3266 shouts,
730 3211 779 3257 like
794 3212 857 3258 those
872 3213 895 3256 in
912 3227 925 3257 a
941 3213 1023 3270 desert,
1038 3217 1082 3262 and

142 3267 239 3325 ageret.”
270 3266 335 3324 Ales,
345 3269 432 3315 miii.
443 3268 479 3324 42,
491 3269 599 3315 “Romae
628 3270 739 3316 therefore
755 3270 823 3315 heard
842 3272 875 3316 far
891 3272 935 3316 and
955 3273 1019 3318 wide.
1051 3273 1082 3320 so

142 3331 276 3403 testamentq
295 3333 318 3371 et
337 3329 401 3372 orbos
418 3327 482 3373 velut
495 3328 598 3387 indagine
628 3328 666 3397 the
686 3329 736 3373 idea
762 3329 788 3372 of
809 3329 877 3410 being
898 3330 1043 3406 wide-spread
1062 3333 1082 3378 is

141 3396 314 3487 eyqqppquu
330 3442 381 3487 dein
391 3443 507 3504 separare]
537 3443 597 3489 That
627 3385 971 3504 ddldleefihreslidlbldprebisiiibre
984 3391 1081 3504 ¹⁸le⁸qu

141 3497 168 3554 is,
189 3497 316 3545 ‘consilia.‘·
353 3500 488 3550 SometImes
515 3517 529 3548 a
553 3504 596 3550 few
626 3502 711 3562 though
727 3503 840 3564 generally
856 3505 918 3551 there
928 3505 948 3551 is
959 3507 1081 3555 connected
