2382 3858
362 197 613 260 AGRICOLAE
632 199 744 260 VITA.
969 201 1028 261 145

6 353 7 362 ¹
85 357 271 422 sensionihus
295 379 328 420 ac
350 359 501 422 discordiis
520 361 599 436 clari,
613 360 684 423 vitia
705 357 833 422 hostium
852 359 884 420 in
906 360 1027 440 gloriam

84 443 231 502 exercitus
246 441 292 501 sui
309 447 446 502 vertunt:
467 464 554 522 quem
568 450 751 503 contractum
769 463 805 502 ex
826 441 1028 502 diversissimis

84 523 232 599 gentibue,
247 529 281 582 ut
296 523 439 583 secundae
453 543 500 582 res
514 530 627 596 tenent,
642 525 684 583 ita
698 523 834 582 adversae
849 523 1025 583 dissolvent:

83 603 183 662 nisisi
204 604 313 677 Gallos,
334 609 365 663 et
387 604 559 678 Germanos,
573 612 604 664 et
625 604 731 684 (pudet
752 604 847 681 dictu)
870 605 1027 664 Britanno·
1100 629 1102 634 s

83 704 150 744 rum
164 685 326 764 plerosque,
340 686 409 745 licet
424 684 616 746 dominationi
635 685 746 745 alienae
759 685 932 763 sanguinem
950 705 1026 744 com·

6 837 7 842 ἵ
83 764 213 839 modent,
224 765 336 826 diutius
349 772 450 826 tamen
463 767 563 827 hostes
578 787 664 846 quam
679 787 784 838 servos,
793 766 850 825 fide
864 772 895 825 et
908 765 1027 825 adfectu

6 843 8 880 ἵ
82 846 180 905 teneri
201 847 330 927 putatis:
351 853 448 906 metus
469 853 500 907 et
521 854 687 921 terrorest,
707 847 821 906 infirma
840 847 934 906 vincla
955 846 1026 906 cari·

83 927 171 986 tatis:
201 948 274 1006 quae
297 927 348 987 ubi
370 928 535 1002 removeris,
560 928 611 1008 qui
631 927 906 1000 timere‘desierint,
928 927 1025 987 odisse

8 1054 12 1062 .
82 1006 234 1087 incipient.
277 1007 385 1068 Omnia
403 1008 542 1068 victoriae
561 1008 753 1068 incitamenta
766 1028 818 1086 pro
836 1009 922 1068 nobis
936 1013 1024 1069 sunt:

82 1088 181 1148 nullae
208 1090 356 1148 Romanos
390 1090 529 1169 conjuges
563 1090 745 1150 accendunt:
779 1088 853 1162 nulli
887 1095 1024 1167 parentes

82 1168 183 1247 fugam
211 1169 414 1248 exprobraturi
447 1177 538 1231 sunt:
573 1177 625 1229 aut
651 1170 732 1230 nulla
759 1169 905 1248 plerisque
928 1169 1024 1248 patria

82 1258 135 1310 aut
170 1251 226 1310 alie
262 1256 326 1310 est:
368 1271 476 1329 paucos
518 1271 650 1325 numero,
685 1250 815 1331 trepidos
849 1250 1024 1328 ignorantia,

82 1331 196 1391 coelum
216 1331 313 1411 ipsum
333 1351 367 1391 ac
390 1352 470 1391 mare
490 1337 521 1391 et
549 1332 643 1406 silvas,
663 1331 765 1410 ignota
783 1330 881 1390 omnia
902 1331 1024 1390 circum·

82 1417 260 1490 spectantes,
289 1411 404 1472 clausos
433 1413 645 1492 quodammodo
672 1432 706 1472 ac
735 1413 849 1473 vinctos
877 1411 907 1470 di
937 1411 1023 1471 nobis

81 1492 275 1553 tradiderunt.
317 1493 348 1552 N
350 1512 366 1551 e
383 1498 494 1553 terreat
515 1514 608 1553 vanus
627 1499 772 1574 aspectus,
786 1498 818 1553 et
839 1493 902 1552 auri
926 1492 1024 1570 fulgor

80 1577 171 1652 atque
196 1571 319 1652 argenti,
347 1575 425 1653 quod
452 1595 548 1654 neque
575 1575 659 1653 tegit,
682 1595 777 1654 neque
797 1573 940 1634 vulnerat.
981 1573 1022 1633 In

81 1653 144 1732 ipsa
159 1654 286 1714 hostium
308 1655 370 1714 acie
388 1656 570 1716 inveniemus
587 1663 703 1716 nostras
720 1675 840 1715 manus:
862 1662 1022 1734 agnoscent

80 1735 219 1794 Britanni
246 1756 329 1795 suam
356 1757 488 1797 censam:
525 1737 758 1802 recordabuntur
787 1736 865 1796 Galli
895 1735 1022 1814 priorem

79 1815 263 1876 libertatem:
305 1817 442 1877 deserent
475 1818 541 1878 illos
574 1819 664 1878 ceteri
699 1816 849 1889 Germani,
882 1824 1022 1896 tanquam

79 1915 176 1976 nuper
199 1897 298 1977 Usipii
323 1897 514 1978 reliquerunt.
555 1899 621 1959 Nec
644 1899 801 1978 quidquam
825 1897 904 1958 ultra
924 1897 1022 1957 formi-

110 2049 217 2120 ᾏΧᾏΙΙ.
225 2051 294 2109 pudet
301 2052 376 2154 dida}
395 2051 538 2122 Thepassiye
594 2056 663 2098 metas
681 2057 702 2098 et
721 2053 850 2122 terrorest]
879 2051 986 2098 ‘Metus'
1003 2051 1023 2097 is

79 2110 537 2228 :ltzsstttffiltlltttileth?
565 2111 1022 2228 thilltllthhhllttlt
1068 2153 1072 2160 ’

79 2226 172 2281 ‘facile'
180 2226 326 2284 ‘pulchrum’
334 2227 445 2284 ‘mirum'
452 2228 477 2272 in
484 2228 539 2272 such
568 2228 655 2273 tudinis
664 2225 760 2271 sollicita
770 2228 935 2288 exspectetio¹).
951 2234 957 2251 ⁶
967 2228 1023 2271 'ler-

79 2284 169 2344 phrases
186 2300 209 2330 as
229 2287 308 2344 ‘turpe
324 2285 398 2330 dictu'
418 2288 457 2332 doc.
490 2285 539 2332 The
568 2287 617 2331 ror'
628 2287 648 2330 is
658 2288 664 2308 ‘
673 2287 898 2342 metusconcutiens,'
909 2290 950 2331 ‘sn
959 2300 1023 2330 overu

79 2341 144 2388 usual
164 2347 316 2389 construction
338 2344 391 2390 here
410 2343 484 2390 would
509 2345 538 2390 be
566 2343 774 2405 poweringfright.'
805 2345 855 2391 The
870 2347 954 2390 former
968 2344 1022 2390 here

79 2403 86 2424 ‘
109 2401 164 2446 udat
188 2402 276 2448 dicere?
315 2402 410 2448 Plautus
434 2403 538 2448 however
567 2418 638 2449 seems
658 2410 681 2448 to
699 2401 770 2461 imply
787 2402 826 2449 the
846 2404 925 2450 servile
945 2419 1021 2462 appre-

16 2483 18 2491 ,
80 2417 199 2518 (bacchia.
209 2461 243 2506 iii.
255 2461 274 2506 l.
291 2460 327 2520 12)
345 2461 384 2506 bas
396 2463 537 2521 ‘nequemei
566 2462 660 2508 hension
677 2460 703 2506 of
714 2461 868 2520 punishment,
888 2465 913 2509 in
932 2477 981 2508 case
999 2463 1025 2507 of

79 2533 153 2578 neque
173 2521 207 2564 tui
224 2521 284 2564 intus
303 2520 407 2578 puditum
424 2527 459 2565 cst
473 2521 538 2565 iactis
567 2521 729 2575 disobedience,
749 2520 788 2566 the
813 2521 879 2567 latter
900 2522 939 2567 the
961 2528 1023 2566 utter

79 2591 136 2636 quae
151 2579 221 2623 sacis!
251 2577 355 2624 Valerius
370 2579 486 2624 Maximus
498 2578 538 2624 has
565 2579 718 2625 intimidation
737 2578 835 2638 inrpirsd
855 2582 885 2641 by
905 2581 943 2626 the
960 2588 1022 2626 stern

80 2637 147 2695 ‘quia
156 2638 218 2682 dictu
228 2637 362 2683 fastidienda
371 2638 438 2682 sunt)
564 2652 695 2697 conqueror.

107 2696 254 2741 dominationi
262 2695 357 2754 αἱίιηαε]
377 2695 534 2741 ‘Dominatio'
592 2695 822 2756 cutnullcplerisque
833 2695 977 2799 permade]
1009 2696 1021 2742 1

78 2751 99 2798 is
117 2753 221 2814 properly
242 2754 294 2799 ‘the
313 2753 363 2800 rule
378 2755 404 2799 of
420 2770 434 2799 a
452 2764 536 2800 master
565 2755 632 2801 think
651 2755 710 2801 Wex
730 2757 749 2801 ia
769 2756 830 2814 right
849 2758 873 2801 in
892 2756 1022 2816 erpuining

79 2826 133 2856 orer
142 2829 155 2857 a
164 2813 289 2858 household
301 2812 419 2871 (domus),'
436 2812 474 2858 the
488 2827 535 2857 cor·
565 2815 610 2860 this
621 2815 646 2858 of
659 2814 697 2860 tha
710 2829 769 2859 mass
783 2816 809 2859 of
822 2815 910 2860 Roman
920 2814 1019 2859 soldiers.

78 2869 174 2916 relative
189 2879 246 2917 term
262 2873 328 2930 being
345 2871 462 2928 ‘servus3’
477 2886 500 2916 aa
511 2871 535 2916 in
566 2873 590 2918 If
598 2872 660 2918 these
670 2874 741 2918 words
752 2873 850 2918 describe
864 2872 902 2918 the
913 2873 1022 2930 renegade

79 2929 109 2974 A.
129 2930 169 2975 xii.
190 2929 227 2986 30,
248 2930 355 2976 “servitii
373 2931 463 2988 ingenio
479 2930 534 2974 dum
564 2931 664 2985 Britons,
672 2931 721 2975 who
732 2932 793 2976 sided
802 2930 857 2976 with
866 2932 903 2976 the
914 2932 1021 2987 Romans,

77 2987 253 3056 adipiscerentur
276 2991 438 3034 dominationes
462 2986 536 3032 multa
564 2989 767 3035 and‘autaliaest'
778 2989 880 3035 includes
889 2989 1022 3034 thecohorts

78 3047 194 3092 cantate.''
224 3047 255 3092 So
266 3047 290 3091 in
297 3047 373 3092 Greek
384 3047 507 3100 δεσπότης
516 3047 535 3090 is
565 3050 590 3093 of
597 3048 635 3094 the
644 3048 716 3103 allies,
727 3048 799 3093 thale
815 3049 908 3092 ionaries
919 3063 955 3094 are
965 3047 1022 3094 alto·

73 3107 214 3167 amasterof
220 3105 427 3159 devastandum
435 3105 534 3162 μὲντῶν
562 3107 640 3166 gether
661 3108 763 3152 omitted.
794 3064 905 3166 drombly
926 3107 955 3165 by
975 3106 1022 3152 this

78 3164 179 3218 δούλων,
189 3162 348 3221 αὐτοκράτωρ
364 3165 387 3210 δὲ
398 3167 448 3209 τῶν
458 3180 534 3217 erpa·
564 3167 619 3211 time
642 3165 680 3210 the
706 3165 794 3210 Roman
818 3164 951 3266 legionarios
977 3164 1022 3210 had

77 3224 183 3267 τιωτῶν.
214 3219 535 3270 ‘Dominatio'isthen'used
564 3224 714 3270 deteriorated
743 3224 768 3268 in
796 3225 888 3281 quaity.
930 3224 1022 3268 Tacitus

77 3279 114 3325 for
137 3295 182 3339 any
204 3280 369 3338 irresponsible,
394 3281 535 3327 unconstitu·
564 3283 643 3340 speaks
661 3283 702 3333 (A.
715 3283 744 3327 iv.
761 3281 783 3339 l)
802 3282 827 3326 of
841 3280 962 3327 voluntecr
977 3281 1021 3326 sol-

77 3338 149 3384 tional
160 3353 239 3398 power.
261 3339 297 3385 Cf.
309 3340 338 3385 A.
349 3342 365 3385 i.
376 3340 396 3396 l,
405 3343 412 3363 ⁸
421 3341 473 3386 Non
480 3337 536 3383 Oin—
565 3342 636 3400 diery,
644 3341 767 3400 consisting
776 3339 862 3398 mainly
869 3340 895 3384 of
902 3340 941 3385 the
950 3340 1022 3400 needy

77 3413 119 3444 nae
139 3412 185 3442 non
205 3395 281 3442 Sullae
303 3397 370 3456 longa
394 3397 534 3453 dominatio,'
564 3401 608 3445 and
628 3399 743 3458 vagabond
763 3397 843 3443 classes
866 3398 1022 3458 (‘pleruu1que

77 3456 535 3514 whereitiacontrastedwith‘Pompeii
564 3459 641 3515 inopes
670 3473 695 3503 ec
725 3457 775 3515 vagi
806 3463 882 3516 sponte
912 3457 1019 3504 militiam

6 3563 7 3570 ,
78 3513 321 3576 Crassiquepotentia'
522 3539 527 3546 ·
563 3517 686 3574 sumsut’).
719 3515 793 3561 These
818 3515 868 3560 who
895 3515 952 3563 have
972 3519 1018 3563 ‘no

804 3593 824 3635 n
